@article{misra2018mapping,
  title={Mapping instructions to actions in 3D environments with visual goal prediction},
  author={Misra, Dipendra and Bennett, Andrew and Blukis, Valts and Niklasson, Eyvind and Shatkhin, Max and Artzi, Yoav},
  journal={arXiv preprint arXiv:1809.00786},
  year={2018}
}

@article{blukis2018following,
  title={Following high-level navigation instructions on a simulated quadcopter with imitation learning},
  author={Blukis, Valts and Brukhim, Nataly and Bennett, Andrew and Knepper, Ross A and Artzi, Yoav},
  journal={arXiv preprint arXiv:1806.00047},
  year={2018}
}


@inproceedings{kitaev2017misty,
  title={Where is misty? interpreting spatial descriptors by modeling regions in space},
  author={Kitaev, Nikita and Klein, Dan},
  booktitle={Proceedings of the 2017 Conference on Empirical Methods in Natural Language Processing},
  pages={157--166},
  year={2017}
}

@article{misra2017mapping,
  title={Mapping instructions and visual observations to actions with reinforcement learning},
  author={Misra, Dipendra and Langford, John and Artzi, Yoav},
  journal={arXiv preprint arXiv:1704.08795},
  year={2017}
}

@inproceedings{bisk2018learning,
  title={Learning interpretable spatial operations in a rich 3d blocks world},
  author={Bisk, Yonatan and Shih, Kevin J and Choi, Yejin and Marcu, Daniel},
  booktitle={Thirty-Second AAAI Conference on Artificial Intelligence},
  year={2018}
}

@inproceedings{chaplot2018gated,
  title={Gated-attention architectures for task-oriented language grounding},
  author={Chaplot, Devendra Singh and Sathyendra, Kanthashree Mysore and Pasumarthi, Rama Kumar and Rajagopal, Dheeraj and Salakhutdinov, Ruslan},
  booktitle={Thirty-Second AAAI Conference on Artificial Intelligence},
  year={2018}
}

@article{janner2018representation,
  title={Representation learning for grounded spatial reasoning},
  author={Janner, Michael and Narasimhan, Karthik and Barzilay, Regina},
  journal={Transactions of the Association of Computational Linguistics},
  volume={6},
  pages={49--61},
  year={2018},
  publisher={MIT Press}
}

@article{xiong2018scheduled,
  title={Scheduled policy optimization for natural language communication with intelligent agents},
  author={Xiong, Wenhan and Guo, Xiaoxiao and Yu, Mo and Chang, Shiyu and Zhou, Bowen and Wang, William Yang},
  journal={arXiv preprint arXiv:1806.06187},
  year={2018}
}

@article{sinha2018attention,
  title={Attention based natural language grounding by navigating virtual environment},
  author={Sinha, Abhishek and Sarkar, Mausoom and Krishnamurthy, Balaji and others},
  journal={arXiv preprint arXiv:1804.08454},
  year={2018}
}

@article{hudson2018compositional,
  title={Compositional attention networks for machine reasoning},
  author={Hudson, Drew A and Manning, Christopher D},
  journal={arXiv preprint arXiv:1803.03067},
  year={2018}
}

@inproceedings{andreas2016neural,
  title={Neural module networks},
  author={Andreas, Jacob and Rohrbach, Marcus and Darrell, Trevor and Klein, Dan},
  booktitle={Proceedings of the IEEE Conference on Computer Vision and Pattern Recognition},
  pages={39--48},
  year={2016}
}